<record xmlns:xsi="http://www.w3.org/2001/XMLSchema-instance" xmlns="http://www.loc.gov/MARC21/slim" xsi:schemaLocation="http://www.loc.gov/MARC21/slim http://www.loc.gov/standards/marcxml/schema/MARC21slim.xsd">

  <leader>00727nam a22002297a 4500</leader>
  <controlfield tag="003">cru INIE</controlfield>
  <controlfield tag="005">20150728135220.0</controlfield>
  <controlfield tag="008">150728b2005    pr ||||| |||| 00| | spa d</controlfield>
  <datafield ind2=" " ind1=" " tag="020">
    <subfield code="a">193224364-x</subfield>
  </datafield>
  <datafield ind2=" " ind1=" " tag="090">
    <subfield code="a">06.01.01 </subfield>
    <subfield code="b">1020</subfield>
  </datafield>
  <datafield ind2=" " ind1="1" tag="100">
    <subfield code="9">564</subfield>
    <subfield code="a">Solís Jordán, José</subfield>
  </datafield>
  <datafield tag="245" ind2="0" ind1="1">
    <subfield code="a">Hacia la investigación crítica en la educación: Insurgencias cualitativas /</subfield>
    <subfield code="c">José Solís Jordán</subfield>
  </datafield>
  <datafield ind1=" " ind2=" " tag="260">
    <subfield code="a">Puerto Rico : </subfield>
    <subfield code="b">Publicaciones Puertorriqueñas, </subfield>
    <subfield code="c">2005</subfield>
  </datafield>
  <datafield tag="300" ind1=" " ind2=" ">
    <subfield code="a">273 páginas</subfield>
  </datafield>
  <datafield ind1="1" ind2="4" tag="650">
    <subfield code="9">326</subfield>
    <subfield code="a">INVESTIGACIÓN EDUCATIVA</subfield>
  </datafield>
  <datafield tag="650" ind2="4" ind1="1">
    <subfield code="9">317</subfield>
    <subfield code="a">INVESTIGACIÓN CUALITATIVA</subfield>
  </datafield>
  <datafield ind1="1" ind2="4" tag="650">
    <subfield code="9">286</subfield>
    <subfield code="a">ETNOGRAFÍA</subfield>
  </datafield>
  <datafield ind1="1" ind2="4" tag="650">
    <subfield code="9">81</subfield>
    <subfield code="a">ENTREVISTAS</subfield>
  </datafield>
  <datafield ind1="1" ind2="4" tag="650">
    <subfield code="9">266</subfield>
    <subfield code="a">GLOBALIZACIÓN</subfield>
  </datafield>
  <datafield tag="650" ind2="4" ind1="1">
    <subfield code="9">285</subfield>
    <subfield code="a">METODOLOGÍA</subfield>
  </datafield>
  <datafield tag="942" ind1=" " ind2=" ">
    <subfield code="2">z</subfield>
    <subfield code="c">01</subfield>
  </datafield>
  <datafield ind2=" " ind1=" " tag="999">
    <subfield code="c">2740</subfield>
    <subfield code="d">2740</subfield>
  </datafield>
</record>